<record xmlns="http://www.openarchives.org/OAI/2.0/" xmlns:xsi="http://www.w3.org/2001/XMLSchema-instance">
  <header>
    <identifier>oai:www.openaccessrepository.it:7277</identifier>
    <datestamp>2016-06-29T14:35:14Z</datestamp>
    <setSpec>dataset:aleph</setSpec>
    <setSpec>openaire</setSpec>
  </header>
  <metadata>irods://data.repo.cineca.it:1247/CINECA01/home/DRES_EUDalep/dati/ZD4001.9.AL,11100/e27f4e8c-cbe9-11e3-a29c-e41f13eb41b2eng<marc:record xmlns:marc="http://www.loc.gov/MARC21/slim" xmlns:xsi="http://www.w3.org/2001/XMLSchema-instance" xsi:schemaLocation="http://www.loc.gov/MARC21/slim http://www.loc.gov/standards/marcxml/schema/MARC21slim.xsd" type="Bibliographic"><marc:leader>00000coc  2200000uu 4500</marc:leader><marc:controlfield tag="001">7277</marc:controlfield><marc:controlfield tag="005">20160629143514.0</marc:controlfield><marc:datafield tag="024" ind1="7" ind2=" "><marc:subfield code="2">Handle</marc:subfield><marc:subfield code="a">irods://data.repo.cineca.it:1247/CINECA01/home/DRES_EUDalep/dati/ZD4001.9.AL,11100/e27f4e8c-cbe9-11e3-a29c-e41f13eb41b2</marc:subfield></marc:datafield><marc:datafield tag="695" ind1=" " ind2=" "><marc:subfield code="2">HEP CERN LEP ALEPH MINI RealData 2000</marc:subfield></marc:datafield><marc:datafield tag="980" ind1=" " ind2=" "><marc:subfield code="a">DATASETREALDATA</marc:subfield></marc:datafield><marc:datafield tag="999" ind1=" " ind2=" "><marc:subfield code="9">Marcello Maggi</marc:subfield><marc:subfield code="c">544400955</marc:subfield><marc:subfield code="s">310595760</marc:subfield></marc:datafield><marc:datafield tag="999" ind1="C" ind2="5"><marc:subfield code="t">Search for neutral Higgs bosons decaying into four taus at LEP2</marc:subfield><marc:subfield code="a">10.1007/JHEP05(2010)049</marc:subfield><marc:subfield code="y">2010</marc:subfield><marc:subfield code="o">[1]</marc:subfield><marc:subfield code="r">PUBLICATIONINFN-2014-001</marc:subfield><marc:subfield code="o">[1]</marc:subfield></marc:datafield><marc:datafield tag="999" ind1="C" ind2="5"><marc:subfield code="a">10.5072/oar.it/1411041136.04 </marc:subfield><marc:subfield code="t">ALEPH SCL5 Virtual Machine for Research Environment</marc:subfield><marc:subfield code="r">SOFTWAREALEPH-2014-001</marc:subfield><marc:subfield code="o">[2]</marc:subfield></marc:datafield><marc:datafield tag="710" ind1=" " ind2=" "><marc:subfield code="g">ALEPH Collaboration</marc:subfield></marc:datafield><marc:datafield tag="856" ind1="4" ind2=" "><marc:subfield code="u">irods://data.repo.cineca.it:1247/CINECA01/home/DRES_EUDalep/dati/ZD4001.9.AL</marc:subfield><marc:subfield code="y">ALEPH</marc:subfield></marc:datafield><marc:datafield tag="909" ind1="C" ind2="O"><marc:subfield code="o">oai:www.openaccessrepository.it:7277</marc:subfield><marc:subfield code="p">openaire</marc:subfield><marc:subfield code="p">dataset:aleph</marc:subfield></marc:datafield><marc:datafield tag="245" ind1=" " ind2=" "><marc:subfield code="9">ALEPH</marc:subfield><marc:subfield code="a">LEP Data from The ALEPH Collaboration year 2000 datafile ZD4001.9.AL</marc:subfield></marc:datafield><marc:datafield tag="260" ind1=" " ind2=" "><marc:subfield code="c">2014-09-01</marc:subfield></marc:datafield><marc:datafield tag="520" ind1=" " ind2=" "><marc:subfield code="9">ALEPH</marc:subfield><marc:subfield code="a">Run contents for this data file &lt;table border="1"&gt; &lt;tr&gt; &lt;th&gt;Run #&lt;/th&gt;&lt;th&gt;Nevents&lt;/th&gt;&lt;th&gt;Length (Mb)&lt;/th&gt;&lt;th&gt;LEP energy&lt;/th&gt;&lt;th&gt;Nb of Z0s&lt;/th&gt;&lt;/tr&gt; &lt;tr&gt; &lt;td&gt;55749&lt;/td&gt;&lt;td&gt;282&lt;/td&gt;&lt;td&gt;0.756&lt;/td&gt;&lt;td&gt;205.939&lt;/td&gt;&lt;td&gt;-1&lt;/td&gt;&lt;/tr&gt; &lt;tr&gt; &lt;td&gt;55750&lt;/td&gt;&lt;td&gt;275&lt;/td&gt;&lt;td&gt;0.499&lt;/td&gt;&lt;td&gt;208.456&lt;/td&gt;&lt;td&gt;-1&lt;/td&gt;&lt;/tr&gt; &lt;tr&gt; &lt;td&gt;55752&lt;/td&gt;&lt;td&gt;2604&lt;/td&gt;&lt;td&gt;6.244&lt;/td&gt;&lt;td&gt;205.282&lt;/td&gt;&lt;td&gt;5&lt;/td&gt;&lt;/tr&gt; &lt;tr&gt; &lt;td&gt;55753&lt;/td&gt;&lt;td&gt;6227&lt;/td&gt;&lt;td&gt;10.565&lt;/td&gt;&lt;td&gt;207.846&lt;/td&gt;&lt;td&gt;6&lt;/td&gt;&lt;/tr&gt; &lt;tr&gt; &lt;td&gt;55755&lt;/td&gt;&lt;td&gt;1323&lt;/td&gt;&lt;td&gt;2.987&lt;/td&gt;&lt;td&gt;205.169&lt;/td&gt;&lt;td&gt;-1&lt;/td&gt;&lt;/tr&gt; &lt;tr&gt; &lt;td&gt;55757&lt;/td&gt;&lt;td&gt;2081&lt;/td&gt;&lt;td&gt;5.066&lt;/td&gt;&lt;td&gt;205.248&lt;/td&gt;&lt;td&gt;3&lt;/td&gt;&lt;/tr&gt; &lt;tr&gt; &lt;td&gt;55758&lt;/td&gt;&lt;td&gt;6572&lt;/td&gt;&lt;td&gt;12.945&lt;/td&gt;&lt;td&gt;207.835&lt;/td&gt;&lt;td&gt;5&lt;/td&gt;&lt;/tr&gt; &lt;tr&gt; &lt;td&gt;55761&lt;/td&gt;&lt;td&gt;542&lt;/td&gt;&lt;td&gt;1.141&lt;/td&gt;&lt;td&gt;205.325&lt;/td&gt;&lt;td&gt;-1&lt;/td&gt;&lt;/tr&gt; &lt;tr&gt; &lt;td&gt;55762&lt;/td&gt;&lt;td&gt;69&lt;/td&gt;&lt;td&gt;0.187&lt;/td&gt;&lt;td&gt;205.325&lt;/td&gt;&lt;td&gt;-1&lt;/td&gt;&lt;/tr&gt; &lt;tr&gt; &lt;td&gt;55765&lt;/td&gt;&lt;td&gt;2719&lt;/td&gt;&lt;td&gt;6.388&lt;/td&gt;&lt;td&gt;205.102&lt;/td&gt;&lt;td&gt;3&lt;/td&gt;&lt;/tr&gt; &lt;tr&gt; &lt;td&gt;55766&lt;/td&gt;&lt;td&gt;2221&lt;/td&gt;&lt;td&gt;4.080&lt;/td&gt;&lt;td&gt;206.938&lt;/td&gt;&lt;td&gt;1&lt;/td&gt;&lt;/tr&gt; &lt;tr&gt; &lt;td&gt;55772&lt;/td&gt;&lt;td&gt;4878&lt;/td&gt;&lt;td&gt;10.377&lt;/td&gt;&lt;td&gt;205.151&lt;/td&gt;&lt;td&gt;2&lt;/td&gt;&lt;/tr&gt; &lt;tr&gt; &lt;td&gt;55773&lt;/td&gt;&lt;td&gt;6128&lt;/td&gt;&lt;td&gt;12.630&lt;/td&gt;&lt;td&gt;208.022&lt;/td&gt;&lt;td&gt;4&lt;/td&gt;&lt;/tr&gt; &lt;tr&gt; &lt;td&gt;55776&lt;/td&gt;&lt;td&gt;4536&lt;/td&gt;&lt;td&gt;11.095&lt;/td&gt;&lt;td&gt;205.126&lt;/td&gt;&lt;td&gt;5&lt;/td&gt;&lt;/tr&gt; &lt;tr&gt; &lt;td&gt;55777&lt;/td&gt;&lt;td&gt;6745&lt;/td&gt;&lt;td&gt;14.753&lt;/td&gt;&lt;td&gt;208.036&lt;/td&gt;&lt;td&gt;5&lt;/td&gt;&lt;/tr&gt; &lt;tr&gt; &lt;td&gt;55779&lt;/td&gt;&lt;td&gt;1910&lt;/td&gt;&lt;td&gt;4.551&lt;/td&gt;&lt;td&gt;205.085&lt;/td&gt;&lt;td&gt;-1&lt;/td&gt;&lt;/tr&gt; &lt;tr&gt; &lt;td&gt;55781&lt;/td&gt;&lt;td&gt;2892&lt;/td&gt;&lt;td&gt;7.260&lt;/td&gt;&lt;td&gt;205.116&lt;/td&gt;&lt;td&gt;6&lt;/td&gt;&lt;/tr&gt; &lt;tr&gt; &lt;td&gt;55782&lt;/td&gt;&lt;td&gt;6141&lt;/td&gt;&lt;td&gt;13.095&lt;/td&gt;&lt;td&gt;207.557&lt;/td&gt;&lt;td&gt;3&lt;/td&gt;&lt;/tr&gt; &lt;tr&gt; &lt;td&gt;55784&lt;/td&gt;&lt;td&gt;3880&lt;/td&gt;&lt;td&gt;9.532&lt;/td&gt;&lt;td&gt;205.143&lt;/td&gt;&lt;td&gt;7&lt;/td&gt;&lt;/tr&gt; &lt;tr&gt; &lt;td&gt;55785&lt;/td&gt;&lt;td&gt;3816&lt;/td&gt;&lt;td&gt;8.313&lt;/td&gt;&lt;td&gt;208.016&lt;/td&gt;&lt;td&gt;4&lt;/td&gt;&lt;/tr&gt; &lt;tr&gt; &lt;td&gt;55787&lt;/td&gt;&lt;td&gt;596&lt;/td&gt;&lt;td&gt;1.452&lt;/td&gt;&lt;td&gt;205.097&lt;/td&gt;&lt;td&gt;1&lt;/td&gt;&lt;/tr&gt; &lt;tr&gt; &lt;td&gt;55790&lt;/td&gt;&lt;td&gt;3721&lt;/td&gt;&lt;td&gt;7.512&lt;/td&gt;&lt;td&gt;208.036&lt;/td&gt;&lt;td&gt;7&lt;/td&gt;&lt;/tr&gt; &lt;tr&gt; &lt;td&gt;55793&lt;/td&gt;&lt;td&gt;3719&lt;/td&gt;&lt;td&gt;9.192&lt;/td&gt;&lt;td&gt;205.135&lt;/td&gt;&lt;td&gt;3&lt;/td&gt;&lt;/tr&gt; &lt;tr&gt; &lt;td&gt;55794&lt;/td&gt;&lt;td&gt;8870&lt;/td&gt;&lt;td&gt;20.263&lt;/td&gt;&lt;td&gt;207.691&lt;/td&gt;&lt;td&gt;9&lt;/td&gt;&lt;/tr&gt; &lt;tr&gt; &lt;td&gt;55796&lt;/td&gt;&lt;td&gt;4477&lt;/td&gt;&lt;td&gt;11.074&lt;/td&gt;&lt;td&gt;205.146&lt;/td&gt;&lt;td&gt;4&lt;/td&gt;&lt;/tr&gt; &lt;tr&gt; &lt;td&gt;55797&lt;/td&gt;&lt;td&gt;8835&lt;/td&gt;&lt;td&gt;19.166&lt;/td&gt;&lt;td&gt;208.043&lt;/td&gt;&lt;td&gt;9&lt;/td&gt;&lt;/tr&gt; &lt;tr&gt; &lt;td&gt;55799&lt;/td&gt;&lt;td&gt;4194&lt;/td&gt;&lt;td&gt;10.210&lt;/td&gt;&lt;td&gt;205.142&lt;/td&gt;&lt;td&gt;3&lt;/td&gt;&lt;/tr&gt; &lt;tr&gt; &lt;td&gt;55800&lt;/td&gt;&lt;td&gt;2464&lt;/td&gt;&lt;td&gt;5.056&lt;/td&gt;&lt;td&gt;206.871&lt;/td&gt;&lt;td&gt;3&lt;/td&gt;&lt;/tr&gt; &lt;tr&gt; &lt;td&gt;55802&lt;/td&gt;&lt;td&gt;4726&lt;/td&gt;&lt;td&gt;11.568&lt;/td&gt;&lt;td&gt;205.175&lt;/td&gt;&lt;td&gt;5&lt;/td&gt;&lt;/tr&gt; &lt;tr&gt; &lt;td&gt;55803&lt;/td&gt;&lt;td&gt;3716&lt;/td&gt;&lt;td&gt;7.440&lt;/td&gt;&lt;td&gt;207.223&lt;/td&gt;&lt;td&gt;1&lt;/td&gt;&lt;/tr&gt; &lt;tr&gt; &lt;td&gt;55806&lt;/td&gt;&lt;td&gt;8154&lt;/td&gt;&lt;td&gt;20.107&lt;/td&gt;&lt;td&gt;205.158&lt;/td&gt;&lt;td&gt;10&lt;/td&gt;&lt;/tr&gt; &lt;tr&gt; &lt;td&gt;55807&lt;/td&gt;&lt;td&gt;2683&lt;/td&gt;&lt;td&gt;5.596&lt;/td&gt;&lt;td&gt;208.004&lt;/td&gt;&lt;td&gt;4&lt;/td&gt;&lt;/tr&gt; &lt;tr&gt; &lt;td&gt;55809&lt;/td&gt;&lt;td&gt;5861&lt;/td&gt;&lt;td&gt;13.639&lt;/td&gt;&lt;td&gt;205.120&lt;/td&gt;&lt;td&gt;7&lt;/td&gt;&lt;/tr&gt; &lt;tr&gt; &lt;td&gt;55810&lt;/td&gt;&lt;td&gt;5209&lt;/td&gt;&lt;td&gt;11.147&lt;/td&gt;&lt;td&gt;207.654&lt;/td&gt;&lt;td&gt;4&lt;/td&gt;&lt;/tr&gt; &lt;tr&gt; &lt;td&gt;55812&lt;/td&gt;&lt;td&gt;5281&lt;/td&gt;&lt;td&gt;12.619&lt;/td&gt;&lt;td&gt;205.118&lt;/td&gt;&lt;td&gt;8&lt;/td&gt;&lt;/tr&gt; &lt;tr&gt;&lt;/table&gt; Total file length :   305.594 Mbytes</marc:subfield></marc:datafield><marc:datafield tag="500" ind1=" " ind2=" "><marc:subfield code="f">ALEPH - INFN</marc:subfield></marc:datafield><marc:datafield tag="650" ind1="1" ind2="7"><marc:subfield code="a">High Energy Physics</marc:subfield></marc:datafield><marc:datafield tag="269" ind1=" " ind2=" "><marc:subfield code="c">2000</marc:subfield></marc:datafield><marc:datafield tag="041" ind1=" " ind2=" "><marc:subfield code="a">eng</marc:subfield></marc:datafield><marc:datafield tag="042" ind1=" " ind2=" "><marc:subfield code="a">Researchers</marc:subfield></marc:datafield><marc:datafield tag="043" ind1=" " ind2=" "><marc:subfield code="a">info:eu-repo/semantics/other</marc:subfield></marc:datafield><marc:datafield tag="100" ind1=" " ind2=" "><marc:subfield code="a">Marcello Maggi</marc:subfield></marc:datafield></marc:record>
</metadata>
</record>
